% The official kwant paper
@ARTICLE{kwant-paper,
       author = {{Groth}, Christoph W. and {Wimmer}, Michael and {Akhmerov}, Anton R. and
         {Waintal}, Xavier},
        title = "{Kwant: a software package for quantum transport}",
      journal = {New Journal of Physics},
     keywords = {Condensed Matter - Mesoscale and Nanoscale Physics},
         year = "2014",
        month = "Jun",
       volume = {16},
          eid = {063065},
        pages = {063065},
          doi = {10.1088/1367-2630/16/6/063065},
archivePrefix = {arXiv},
       eprint = {1309.2926},
 primaryClass = {cond-mat.mes-hall},
       adsurl = {https://ui.adsabs.harvard.edu/\#abs/2014NJPh...16f3065G},
      adsnote = {Provided by the SAO/NASA Astrophysics Data System}
}

@inbook{datta_1995, 
  place={Cambridge},
  series={Cambridge Studies in Semiconductor Physics and Microelectronic Engineering}, 
  title={Electronic transport in mesoscopic systems}, 
  publisher={Cambridge University Press}, 
  author={Datta, Supriyo}, 
  year={1995}, 
  collection={Cambridge Studies in Semiconductor Physics and Microelectronic Engineering}
}

%% Here's how you reference simple webpages
@Manual{besselcorr,
  note = {Bessel's correction \url{https://en.wikipedia.org/wiki/Bessel%27s_correction}}
}

@Manual{bootstrapwiki,
  note = {Bootstrapping Wikipedia \url{https://en.wikipedia.org/wiki/Bootstrapping_(statistics)}}
}

@Manual{extremestat,
  note = {Extrémérték-elmélet \url{https://hu.wikipedia.org/wiki/Extrémérték-elmélet}}
}

@Manual{extremestat_univariate,
  note = {Extreme value theory \url{https://en.wikipedia.org/wiki/Extreme_value_theory#Univariate_theory}}
}

@Manual{JackknifeWiki,
  note = {Jackknife resampling \url{https://en.wikipedia.org/wiki/Jackknife_resampling}}
}

@Manual{posthoc,
  note = {Post hoc analysis \url{https://en.wikipedia.org/wiki/Post_hoc_analysis}}
}

@Manual{chi2jegyz,
  note = {Függetlenségvizsgálat $\chi^2$-próbával \url{http://www.sze.hu/~harmati/valszam/vizsga/khi_fugg_vizsg.pdf}}
}

@Manual{dredging,
  note = {Data dredging \url{https://en.wikipedia.org/wiki/Data_dredging}}
}

@Manual{biaswiki,
  note = {Bias of an estimator \url{https://en.wikipedia.org/wiki/Bias_of_an_estimator}}
}

@Manual{ztestwiki, 
  note = {Z-test \url{https://en.wikipedia.org/wiki/Z-test}}
}

@Manual{uprobawiki, 
  note = {Egymintás u-próba \url{https://hu.wikipedia.org/wiki/Egymintás_u-próba}}
}

@Manual{tprobawiki, 
  note = {Egymintás t-próba \url{https://hu.wikipedia.org/wiki/Egymintás_t-próba}}
}