% The official kwant paper
@ARTICLE{kwant-paper,
       author = {{Groth}, Christoph W. and {Wimmer}, Michael and {Akhmerov}, Anton R. and
         {Waintal}, Xavier},
        title = "{Kwant: a software package for quantum transport}",
      journal = {New Journal of Physics},
     keywords = {Condensed Matter - Mesoscale and Nanoscale Physics},
         year = "2014",
        month = "Jun",
       volume = {16},
          eid = {063065},
        pages = {063065},
          doi = {10.1088/1367-2630/16/6/063065},
archivePrefix = {arXiv},
       eprint = {1309.2926},
 primaryClass = {cond-mat.mes-hall},
       adsurl = {https://ui.adsabs.harvard.edu/\#abs/2014NJPh...16f3065G},
      adsnote = {Provided by the SAO/NASA Astrophysics Data System}
}

@inbook{datta_1995, 
  place={Cambridge},
  series={Cambridge Studies in Semiconductor Physics and Microelectronic Engineering}, 
  title={Electronic transport in mesoscopic systems}, 
  publisher={Cambridge University Press}, 
  author={Datta, Supriyo}, 
  year={1995}, 
  collection={Cambridge Studies in Semiconductor Physics and Microelectronic Engineering}
}

%% Here's how you reference simple webpages
@Manual{fizweb,
  note = {Fizweben elérhető jegyzet: \url{http://fizweb.elte.hu/download/Fizikus-MSc/Reszecskefizika/partphys_notes_2018.pdf}}
}

@Manual{tsne-article, 
  note = {Article about t-sne on TowardsDatascience  \url{https://towardsdatascience.com/an-introduction-to-t-sne-with-python-example-5a3a293108d1}}
}

@Manual{knnwiki, 
  note = {K-nearest neighbors  \url{https://en.wikipedia.org/wiki/K-nearest_neighbors_algorithm}}
}

@article{exactising,
  author = {Ludwig Ridderstolpe},
  title = {Exact Solutions of the Ising Model},
  adsurl = {https://uu.diva-portal.org/smash/get/diva2:1139470/FULLTEXT01.pdf},
  year = "2017"
}

@@book{landau,
  title={A survey of computational physics: introductory computational science},
  author={Landau, Rubin H and Mej{\'\i}a, Manuel Jos{\'e} P{\'a}ez and P{\'a}ez, Jos{\'e} and Bordeianu, Cristian C},
  year={2008},
  publisher={Princeton University Press}
}