


@inbook{img_proc, 
  title={Digital Image Processing (3rd Edition)}, 
  publisher={Pearson},
  isbn={9780131687288},
  author={Rafael C. Gonzalez; Richard E. Woods}, 
  year={2007},
  note= { \url{http://sdeuoc.ac.in/sites/default/files/sde_videos/Digital\%20Image\%20Processing\%203rd\%20ed.\%20-\%20R.\%20Gonzalez\%2C\%20R.\%20Woods-ilovepdf-compressed.pdf}}
  
  
}
@inbook{gepi_latas, 
  title={A gépi látás és képfeldolgozás párhuzamos modelljei és algoritmusai}, 
  publisher={Typotex Kiadó },
  author={Dr. Rövid András, Dr. Vámossy Zoltán, Dr. Sergyán}, 
  year={2014},
  note= { \url{https://www.tankonyvtar.hu/hu/tartalom/tamop412A/2011-0063_15_gepi_latas/ch05.html#id579768}}
}
@inbook{kepelemzes_magyar, 
  title={Digitálsi képelemzés alapvető algoritmusai}, 
  author={Csetverikov, Dmitrij}, 
  year={2015}, 
  note= {\url{https://www.tankonyvtar.hu/hu/tartalom/tamop412A/2011-0052_13_digitalis_kepelemzes_alapveto_algoritmusai/ar01.html}}
}

%% Here's how you reference simple webpages
@Manual{fizweb,
  note = {Digitális képfeldolgozás jegyzet (Fizweb): \url{http://fizweb.elte.hu/download/Fizika-BSc/Digitalis-kepfeldolgozas/digitkepfel-diakjegyzet.pdf}}
}


@Manual{deconv,
  note = {Chong  Zhang - Image Restoration by Deconvolution: Concepts and Applications: \url{https://www.upf.edu/documents/4181972/7971893/\%5Bslides\%5D_Image_Restoration_by_Deconvolution/6b1aa1ac-70d7-2494-6192-2af0f95f17cb}}
}


@Manual{el,
  note = {Tanács Attila - Éldetektálás: \url{https://www.inf.u-szeged.hu/~tanacs/oktatas/kepfeldtg2016/eXe/ldetektls.html}}
}

@Manual{grayscale,
  note = {Wikipedia - Grayscale: \url{https://en.wikipedia.org/wiki/Grayscale}}
}


