%
@book{knuth,
 author = {Knuth, Donald E.},
 title = {The Art of Computer Programming, Volume 1 (3rd Ed.): Fundamental Algorithms},
 year = {1997},
 isbn = {0-201-89683-4},
 publisher = {Addison Wesley Longman Publishing Co., Inc.},
 address = {Redwood City, CA, USA},
} 

@book{numrecipes,
 author = {Press, William H. and Flannery, Brian P. and Teukolsky, Saul A. and Vetterling, William T.},
 title = {Numerical Recipes in C: The Art of Scientific Computing},
 year = {1988},
 isbn = {0-521-35465-X},
 publisher = {Cambridge University Press},
 address = {New York, NY, USA},
} 
@book{landau,
 author = {Landau, Rubin H. and Paez, Jose and Bordeianu, Cristian C.},
 title = {A Survey of Computational Physics: Introductory Computational Science},
 year = {2008},
 isbn = {0691131376, 9780691131375},
 edition = {Har/Cdr},
 publisher = {Princeton University Press},
 address = {Princeton, NJ, USA},
} 


@Manual{random, 
  note = {Random Number Generation in C++11. Standard C++ Foundation.  \url{https://isocpp.org/files/papers/n3551.pdf}}
}

@Manual{mc, 
  note = {An overview of Monte-Carlo methods.  \url{https://towardsdatascience.com/an-overview-of-monte-carlo-methods-675384eb1694}}
}
@Manual{error, 
  note = {Newton-Cotes formulas.  \url{http://mathworld.wolfram.com/Newton-CotesFormulas.html}}
}