
@Manual{db,
  note = {Dobos László - Design and implementation of scientific databases  \url{http://www.vo.elte.hu/~dobos/teaching/scidb2016/scidb_en.pdf}}
}
