@inbook{tanenbaum, 
  title={Computer Networks. Fifth Edition.}, 
  publisher={Taramix Kft},
  author={S. Tanenbaum, Andrew; J. Wetherall, David}, 
  year={2013},
  note= { \url{https://www.tankonyvtar.hu/hu/tartalom/tamop412A/2011-0103_panem_szamhal/adatok.html}}}
  
  @inbook{magyar, 
  title={Számítógépes hálózatok}, 
  publisher={Eszterházy Károly Főiskola},
  author={Szabó Bálint, Márföldi Endre},
  year={2011},
  note= { \url{https://www.tankonyvtar.hu/hu/tartalom/tamop425/0005_24_szamitogepes_halozatok_scorm_03/adatok.html}}}
  
  @Manual{szamalap1,
  note = {Számítógépes alapismeretek -
  A számítógépes hálózatok alapjai
  \url{http://itl7.elte.hu/~zsolt/Oktatas/SzA/halozat.pdf}}}
  
  @Manual{szamalap2,
  note = {Számítógépes alapismeretek -
  Hálózati alapismeretek
  \url{http://itl7.elte.hu/~zsolt/Oktatas/SzA/mk.pdf}}}

