@book{landau,
 author = {Landau, Rubin H. and Paez, Jose and Bordeianu, Cristian C.},
 title = {A Survey of Computational Physics: Introductory Computational Science},
 year = {2008},
 isbn = {0691131376, 9780691131375},
 edition = {Har/Cdr},
 publisher = {Princeton University Press},
 address = {Princeton, NJ, USA},
} 

@book{tel,
author = {Gruiz, M{\'{a}}rton and T{\'{e}}l, Tam{\'{a}}s},
isbn = {9780521839129},
publisher = {Cambridge University Press},
title = {{Chaotic Dynamics}},
year = {2006}
}

@book{compl,
author = {Gros, Claudius},
publisher = {Springer-Verlag Berlin Heidelberg},
title = {{Complex and Adaptive Dynamical Systems}},
year = {2011}
}


@book{ode,
author = {Arnold, Vladimir, I.},
publisher = {Springer-Verlag Berlin Heidelberg},
title = {{Ordinary Differential Equations
}},
year = {1992}
}



