
@article{Linhart2014,
author = {Jean Marie Linhart},
title = {Teaching Writing and Communication in a Mathematical Modeling Course},
journal = {PRIMUS},
volume = {24},
number = {7},
pages = {594-607},
year = {2014}
}


@book{higham1998handbook,
  Title={Handbook of writing for the mathematical sciences},
  author={Higham, N.J.},
  year={1998},
  publisher={Society for Industrial Mathematics}
}
@misc{vihart,
  Title={Pi is (still) wrong},
  author={Hart, V. I.},
  year={2011},
  publisher={YouTube},
url = {http://vihart.com/blog/pi-is-still-wrong/}
}

@misc{taumanifesto,
Title={The {T}au {M}anifesto},
author={Michael Hartl},
year={2010},
url = {http://tauday.com/}
}

@misc{chaoswiki,
Title={Chaos {T}heory},
author={Wikipedia},
year={2012},
url = {http://en.wikipedia.org/Chaos_theory}
}
@misc{fractalwiki,
Title={Fractal},
author={Wikipedia},
year={2012},
url = {http://en.wikipedia.org/Fractal}
}

@article{Linhart2008,
Author="J. M. Linhart",
Title="Algorithm 885: Computing the logarithm of the normal distribution.",
Journal="ACM Transactions on Mathematical Software",
Pages="Article 20",
Volume=35,
Year=2008
}
