% The official kwant paper

@Manual{Bagoly,
	note = {Varga Dezső, Bagoly Zsolt: Elektronika és méréstechnika. Kurzusjegyzet, 2013. \url{http://itl7.elte.hu/~zsolt/Oktatas/EM/EM_jegyzet_akt.pdf}}
}

@Manual{BME,
	note = {Dülk Ivor: Bevezetés a beágyazott rendszerekbe. BME-MIT egyetemi jegyzet, 2016.}
}

@Manual{hangfeldolgozas,
  note = {Dobos László: Hangfeldolgozás. Jegyzet a Digitális méréstechnika labor méréséhez, 2016. \url{https://stegerjozsef.web.elte.hu/teaching/digilab/meresleiras/hangfeldolgozas.pdf}}
}

@Manual{quora,
	note = {Online poszt: \url{https://www.quora.com/What-is-the-difference-between-delta-modulation-and-sigma-delta-modulation}}
}
