% The official kwant paper
@ARTICLE{kwant-paper,
       author = {{Groth}, Christoph W. and {Wimmer}, Michael and {Akhmerov}, Anton R. and
         {Waintal}, Xavier},
        title = "{Kwant: a software package for quantum transport}",
      journal = {New Journal of Physics},
     keywords = {Condensed Matter - Mesoscale and Nanoscale Physics},
         year = "2014",
        month = "Jun",
       volume = {16},
          eid = {063065},
        pages = {063065},
          doi = {10.1088/1367-2630/16/6/063065},
archivePrefix = {arXiv},
       eprint = {1309.2926},
 primaryClass = {cond-mat.mes-hall},
       adsurl = {https://ui.adsabs.harvard.edu/\#abs/2014NJPh...16f3065G},
      adsnote = {Provided by the SAO/NASA Astrophysics Data System}
}

@inbook{datta_1995, 
  place={Cambridge},
  series={Cambridge Studies in Semiconductor Physics and Microelectronic Engineering}, 
  title={Electronic transport in mesoscopic systems}, 
  publisher={Cambridge University Press}, 
  author={Datta, Supriyo}, 
  year={1995}, 
  collection={Cambridge Studies in Semiconductor Physics and Microelectronic Engineering}
}

@article{vanDerMaaten2008,
  added-at = {2015-06-19T12:07:15.000+0200},
  author = {van der Maaten, Laurens and Hinton, Geoffrey},
  biburl = {https://www.bibsonomy.org/bibtex/28b9aebb404ad4a4c6a436ea413550b30/lopusz_kdd},
  interhash = {370ba8b9e1909b61880a6f47c93bcd49},
  intrahash = {8b9aebb404ad4a4c6a436ea413550b30},
  journal = {Journal of Machine Learning Research},
  keywords = {dimensionality_reduction tSNE visualization},
  pages = {2579--2605},
  timestamp = {2015-08-19T15:19:11.000+0200},
  title = {Visualizing Data using {t-SNE} },
  url = {http://www.jmlr.org/papers/v9/vandermaaten08a.html},
  volume = 9,
  year = 2008
}

%% Here's how you reference simple webpages
@Manual{fizweb,
  note = {Fizweben elérhető jegyzet: \url{http://fizweb.elte.hu/download/Fizikus-MSc/Reszecskefizika/partphys_notes_2018.pdf}}
}

@Manual{tsne-article, 
  note = {Article about t-sne on TowardsDatascience  \url{https://towardsdatascience.com/an-introduction-to-t-sne-with-python-example-5a3a293108d1}}
}

@Manual{knnwiki, 
  note = {K-nearest neighbors  \url{https://en.wikipedia.org/wiki/K-nearest_neighbors_algorithm}}
}

@misc{wiki_dim,
  title = {{WikiPedia, Dimensionality reduction}},
  howpublished = {\url{https://en.wikipedia.org/wiki/Dimensionality_reduction}},
}

@misc{dim_red,
  title = {{Analytics Vidhya, Beginners Guide To Learn Dimension Reduction Techniques}},
  howpublished = {\url{https://www.analyticsvidhya.com/blog/2015/07/dimension-reduction-methods/}},
}

@misc{pca,
  title = {{Mark Richardson: Principal Component Analysis}},
  howpublished = {\url{http://www.dsc.ufcg.edu.br/~hmg/disciplinas/posgraduacao/rn-copin-2014.3/material/SignalProcPCA.pdf}},
}


@misc{wiki_pca,
  title = {{WikiPedia, Principal component analysis}},
  howpublished = {\url{https://en.wikipedia.org/wiki/Dimensionality_reduction}},
}

@misc{sne,
  title = {{Maaten and Hinton, Visualizing Data using t-SNE}},
  howpublished = {\url{http://www.jmlr.org/papers/volume9/vandermaaten08a/vandermaaten08a.pdf}},
}

