@article{KimberlyChenoweth2008,
author = {Kimberly Chenoweth, Adri C. T. van Duin, William A. Goddard III},
doi = {10.1021/JP709896W},
journal = {The Journal of Physical Chemistry A},
number = {},
pages = {1040--1053},
publisher = {American Chemical Society},
title = {{ReaxFF Reactive Force Field for Molecular Dynamics Simulations of Hydrocarbon Oxidation}},
url = {https://pubs.acs.org/doi/10.1021/jp709896w{\#}},
volume = {112},
year = {2008}
}

@inbook{Landau2012,
	place={},
	series={Introductory Computational Science},
	title={A Survey of Computational Physics},
	publisher={Princeton University Press},
	author={Rubin H. Landau, Manuel José Páez, Cristian C. Bordeianu},
	year={2012},
	collection={}
}

%% Here's how you reference simple webpages
@Manual{lecture,
	note = {David J. Willock: Molecular Dynamics. Lecture 1: Basic Ideas, Newtonian motion, trajectories, sampling. ISIS Neutron training course, Cardiff University, U.K. 2014. március 6. Webcím: \url{https://www.isis.stfc.ac.uk/Pages/md-lecture-1.pdf}.}
}

@Manual{LAMMPS_compute_pressure,
	note = {LAMMPS manual, compute pressure command: \url{https://lammps.sandia.gov/doc/compute_pressure.html}.}
}

@Manual{LAMMPS_fix_langevin,
	note = {LAMMPS manual, fix langevin command: \url{https://lammps.sandia.gov/doc/fix_langevin.html}.}
}

@Manual{LAMMPS_howto_thermostat,
	note = {LAMMPS manual, overview on thermostatting: \url{https://lammps.sandia.gov/doc/Howto_thermostat.html}.}
}

@Manual{LAMMPS_howto_barostat,
	note = {LAMMPS manual, overview on barostatting: \url{https://lammps.sandia.gov/doc/Howto_barostat.html}.}
}

